<record><leader>00000cas a2200000 a 4500</leader><controlfield tag="001">31188904</controlfield><controlfield tag="008">940928d19651982iluir ne      0    0eng c</controlfield><datafield ind1=" " ind2=" " tag="010"><subfield code="a">sn 94060588 </subfield></datafield><datafield ind1=" " ind2=" " tag="040"><subfield code="a">NVF</subfield><subfield code="b">eng</subfield><subfield code="c">NVF</subfield><subfield code="d">CVF</subfield><subfield code="d">NVF</subfield><subfield code="d">OCLCQ</subfield><subfield code="d">OCLCF</subfield><subfield code="d">OCLCO</subfield></datafield><datafield ind1="1" ind2=" " tag="029"><subfield code="a">AU@</subfield><subfield code="b">000011305845</subfield></datafield><datafield ind1=" " ind2=" " tag="042"><subfield code="a">pcc</subfield></datafield><datafield ind1=" " ind2=" " tag="043"><subfield code="a">n-us-il</subfield></datafield><datafield ind1="0" ind2=" " tag="130"><subfield code="a">Berwyn life (Berwyn, Ill. : 1965)</subfield></datafield><datafield ind1="1" ind2="0" tag="245"><subfield code="a">Berwyn life.</subfield></datafield><datafield ind1=" " ind2=" " tag="260"><subfield code="a">Berwyn, Ill. :</subfield><subfield code="b">Life Print. and Pub. Co.,</subfield><subfield code="c">1965-1982.</subfield></datafield><datafield ind1=" " ind2=" " tag="300"><subfield code="a">v.</subfield></datafield><datafield ind1=" " ind2=" " tag="310"><subfield code="a">Triweekly</subfield></datafield><datafield ind1="0" ind2=" " tag="362"><subfield code="a">39th year, no. 137 (Nov. 14, 1965)-</subfield></datafield><datafield ind1="1" ind2=" " tag="362"><subfield code="a">Ceased in Oct. 1982.</subfield></datafield><datafield ind1=" " ind2=" " tag="580"><subfield code="a">Merged with: Stickney and Forest View life, and: Cicero life, to form: Cicero Berwyn life.</subfield></datafield><datafield ind1=" " ind2=" " tag="588"><subfield code="a">Latest issue consulted: Dec. 29, 1976.</subfield></datafield><datafield ind1=" " ind2="0" tag="651"><subfield code="a">Berwyn (Ill.)</subfield><subfield code="v">Newspapers.</subfield></datafield><datafield ind1=" " ind2="7" tag="655"><subfield code="a">Newspapers.</subfield><subfield code="2">fast</subfield><subfield code="0">(OCoLC)fst01423814</subfield></datafield><datafield ind1=" " ind2="7" tag="651"><subfield code="a">Illinois</subfield><subfield code="z">Berwyn.</subfield><subfield code="2">fast</subfield><subfield code="0">(OCoLC)fst01217727</subfield></datafield><datafield ind1=" " ind2=" " tag="752"><subfield code="a">United States</subfield><subfield code="b">Illinois</subfield><subfield code="c">Cook</subfield><subfield code="d">Berwyn.</subfield></datafield><datafield ind1="0" ind2="0" tag="780"><subfield code="t">Berwyn life and the Berwyn beacon</subfield><subfield code="w">(DLC)sn 94060587</subfield></datafield><datafield ind1="1" ind2="7" tag="785"><subfield code="t">Stickney and Forest View life</subfield><subfield code="w">(DLC)sn 94060589</subfield><subfield code="w">(OCoLC)31188943</subfield></datafield><datafield ind1="1" ind2="7" tag="785"><subfield code="t">Cicero life</subfield><subfield code="w">(DLC)sn 93057049</subfield><subfield code="w">(OCoLC)27238105</subfield></datafield><datafield ind1="1" ind2="7" tag="785"><subfield code="t">Cicero Berwyn life</subfield><subfield code="w">(DLC)sn 94060590</subfield><subfield code="w">(OCoLC)31189109</subfield></datafield></record>